 @misc{Preview,
  title={WCH Oregon22 preview: 100m and 110m hurdles}, 
  url={https://worldathletics.org/competitions/world-athletics-championships/world-athletics-championships-oregon-2022-7137279/news/preview/world-championships-oregon-preview-100m-110m-hurdles}, 
  journal={worldathletics.org}, 
  year={2022}, 
  month={Jul}}

 @misc{WAData, 
  title={World Athletics: World Athletics Championships: Results}, 
  url={https://www.worldathletics.org/results/world-athletics-championships}, 
  journal={worldathletics.org}}  

 @misc{Seiko, 
  title={Seiko designated as Official Timer for World Athletics Championships}, 
  url={https://worldathletics.org/competitions/world-athletics-championships/world-athletics-championships-oregon-2022-7137279/news/news/seiko-official-timer-oregon-22}, 
  journal={worldathletics.org}, 
  year={2022}, 
  month={Jun}} 
 @misc{Johnson, 
  title={Devon Allen DQ update: We've got even more data showing something was drastically different with the reaction times at worlds},
  url={https://www.letsrun.com/news/2022/08/devon-allen-dq-update-weve-got-even-more-data-showing-something-was-drastically-different-with-the-reaction-times-at-worlds/#:~:text=The%20slowest%20reaction%20time%20in,in%20the%202022%20US%20final.&amp;text=The%20average%20reaction%20time%20in,Worlds%20final%2C%20it%20was%200.122.}, 
  journal={LetsRun.com}, 
  publisher={LetsRun.com}, 
  author={Johnson, Robert}, 
  year={2022}, 
  month={Aug}} 