@misc{WorldAthletics_2013, 
  title={Backstage - SEIKO New Technologies}, 
  url={https://www.youtube.com/watch?v=THrQ1KyH2Oo}, 
  journal={Youtube}, 
  author={World Athletics}, 
  year={2013}, 
  month={Jul.}
  }

@misc{Preview,
  title={WCH Oregon22 preview: 100m and 110m hurdles}, 
  howpublished={https://worldathletics.org/competitions/world-athletics-championships/world-athletics-championships-oregon-2022-7137279/news/preview/world-championships-oregon-preview-100m-110m-hurdles},  
  author = {{World Athletics}},
  year={2022}, 
  month={Jul}
  }

 @misc{WAData, 
  title={World Athletics: World Athletics Championships: Results}, 
  url={https://www.worldathletics.org/results/world-athletics-championships}, 
  journal={worldathletics.org},
  author = {{World Athletics}},
  }

 @misc{Seiko, 
  title={{Seiko} designated as Official Timer for World Athletics Championships}, 
  url={https://worldathletics.org/competitions/world-athletics-championships/world-athletics-championships-oregon-2022-7137279/news/news/seiko-official-timer-oregon-22}, 
  journal={worldathletics.org},
  author = {{World Athletics}}, 
  year={2022}, 
  month={Jun}
  }

 @misc{Johnson, 
  title={Devon Allen DQ update: We've got even more data showing something was drastically different with the reaction times at worlds},
  url={https://www.letsrun.com/news/2022/08/devon-allen-dq-update-weve-got-even-more-data-showing-something-was-drastically-different-with-the-reaction-times-at-worlds/#:~:text=The%20slowest%20reaction%20time%20in,in%20the%202022%20US%20final.&amp;text=The%20average%20reaction%20time%20in,Worlds%20final%2C%20it%20was%200.122.}, 
  journal={LetsRun.com}, 
  publisher={LetsRun.com}, 
  author={Johnson, Robert}, 
  year={2022}, 
  month={Aug}
  }

@article{Pilianidis,
author = {Th. {Pilianidis} and N. Mantzouranis and A. Kasabalis},
title = {Start reaction time and performance at the sprint events in World Athletic Championships},
journal = {International Journal of Performance Analysis in Sport},
volume = {12},
number = {1},
pages = {112-118},
year  = {2012},
publisher = {Routledge},
doi = {10.1080/24748668.2012.11868587},
URL = {https://doi.org/10.1080/24748668.2012.11868587},
eprint = {https://doi.org/10.1080/24748668.2012.11868587}
}
 
@misc{Seiko-Timing,
title = {Timing/Measuring System},
author = {Seiko},
url = {https://www.seiko.co.jp/en/sports_music/sports/sports_timing/system/},
journal = {Seiko.co}
}

@misc{Hurley,
journal={Eagles sign 15 players to the practice squad},
publisher = {Philadelphia Eagles},
author = {Hurley, Sage},
url = {https://www.philadelphiaeagles.com/news/eagles-sign-15-players-to-the-practice-squad#:~:text=WR%20Devon%20Allen%20%E2%80%93%20The%20two,Olympic%20track%20and%20field%20athlete.},
year = {2022},
month = {Sep}
}

 @misc{statistics, 
 title={Tukey test / tukey procedure / honest significant difference},
 url={https://www.statisticshowto.com/probability-and-statistics/statistics-definitions/post-hoc/tukey-test-honest-significant-difference/},
 journal={Statistics How To}
 } 




